<?xml version="1.0" encoding="UTF-8"?><collection xmlns="http://www.loc.gov/MARC21/slim"><record><leader>00370nam--2200121-i-4500</leader><controlfield tag="001">000047351</controlfield><controlfield tag="002">20161230</controlfield><controlfield tag="005">20161230201046</controlfield><controlfield tag="008">060222s1000------------r-----000-0-eng-d</controlfield><datafield ind1=" " ind2=" " tag="100"><subfield code="a">Widder,Rudi</subfield></datafield><datafield ind1=" " ind2=" " tag="245"><subfield code="a">Gaschromatographische untersuchung der gleichgewichte bei monosaccariden. inagural dissertation</subfield></datafield><datafield ind1=" " ind2=" " tag="260"><subfield code="a">Tubingen, Eberhard-karls-univ.,1964. 155 P</subfield></datafield><datafield ind1=" " ind2=" " tag="852"><subfield code="a">23408</subfield></datafield></record></collection>